
@misc{website:aqicn:sensors,
	author = {{The World Air Quality Project}},
	title = {Sensing the Air Quality: Research on Air Quality Sensors},
	howpublished = {\url{http://aqicn.org/sensor/}},
	note = "[Online; accessed 14-October-2019]"
}

@misc{website:wiki:koppen,
	author = {{Wikipedia}},
	title = {Koppen Climate Classification},
	howpublished = {\url{https://en.wikipedia.org/wiki/K%C3%B6ppen_climate_classification}},
	note = "[Online; accessed 14-October-2019]"
}
